<?xml version="1.0" encoding="UTF-8"?><collection xmlns="http://www.loc.gov/MARC21/slim"><record><leader>00675nam--2200205-i-4500</leader><controlfield tag="001">000015344</controlfield><controlfield tag="002">20161230</controlfield><controlfield tag="005">20161230201031</controlfield><controlfield tag="008">060222s1000------------r-----000-0-eng-d</controlfield><datafield ind1=" " ind2=" " tag="020"><subfield code="a">9282526763</subfield></datafield><datafield ind1=" " ind2=" " tag="040"><subfield code="a">IFIN-HH</subfield></datafield><datafield ind1=" " ind2=" " tag="080"><subfield code="a">539.12.08(061.3)</subfield></datafield><datafield ind1="1" ind2=" " tag="100"><subfield code="a">Burger, G</subfield></datafield><datafield ind1="1" ind2="0" tag="245"><subfield code="a">Radiation protection</subfield><subfield code="b">Proceedings fourth symposium on neutron dosimetry. beam dosimetry munich-neuherberg 1-5 june 1981</subfield><subfield code="c">G. burger, h.g. ebert (eds.)</subfield></datafield><datafield ind1=" " ind2=" " tag="260"><subfield code="a">Luxembourg</subfield><subfield code="b">Commission Of The European Communities</subfield><subfield code="c">1981</subfield></datafield><datafield ind1=" " ind2=" " tag="300"><subfield code="a">TWO VOLUMES</subfield></datafield><datafield ind1="1" ind2=" " tag="700"><subfield code="a">Ebert, H.G</subfield><subfield code="e">Ed</subfield></datafield><datafield ind1="1" ind2=" " tag="787"><subfield code="a">Volume 2</subfield><subfield code="h">604p</subfield><subfield code="t">Beam Dosimetry</subfield></datafield><datafield ind1=" " ind2=" " tag="852"><subfield code="a">71557</subfield><subfield code="c">539.12.04</subfield></datafield><datafield ind1=" " ind2=" " tag="CAT"><subfield code="a">Sys</subfield><subfield code="c">20120210</subfield><subfield code="h">140037</subfield></datafield></record></collection>